@article{simonyan2014very,
	title={Very deep convolutional networks for large-scale image recognition},
	author={Simonyan, Karen and Zisserman, Andrew},
	journal={arXiv preprint arXiv:1409.1556},
	year={2014}
}

@inproceedings{drozdzal2016importance,
	title={The importance of skip connections in biomedical image segmentation},
	author={Drozdzal, Michal and Vorontsov, Eugene and Chartrand, Gabriel and Kadoury, Samuel and Pal, Chris},
	booktitle={International workshop on deep learning in medical image analysis, international workshop on large-scale annotation of biomedical data and expert label synthesis},
	pages={179--187},
	year={2016},
	organization={Springer}
}

@inproceedings{long2015fully,
	title={Fully convolutional networks for semantic segmentation},
	author={Long, Jonathan and Shelhamer, Evan and Darrell, Trevor},
	booktitle={Proceedings of the IEEE conference on computer vision and pattern recognition},
	pages={3431--3440},
	year={2015}
}

@inproceedings{ronneberger2015u,
	title={U-net: Convolutional networks for biomedical image segmentation},
	author={Ronneberger, Olaf and Fischer, Philipp and Brox, Thomas},
	booktitle={Medical image computing and computer-assisted intervention--MICCAI 2015: 18th international conference, Munich, Germany, October 5-9, 2015, proceedings, part III 18},
	pages={234--241},
	year={2015},
	organization={Springer}
}

@article{paszke2016enet,
	title={Enet: A deep neural network architecture for real-time semantic segmentation},
	author={Paszke, Adam and Chaurasia, Abhishek and Kim, Sangpil and Culurciello, Eugenio},
	journal={arXiv preprint arXiv:1606.02147},
	year={2016}
}

@article{iandola2016squeezenet,
	title={SqueezeNet: AlexNet-level accuracy with 50x fewer parameters and< 0.5 MB model size},
	author={Iandola, Forrest N and Han, Song and Moskewicz, Matthew W and Ashraf, Khalid and Dally, William J and Keutzer, Kurt},
	journal={arXiv preprint arXiv:1602.07360},
	year={2016}
}

@article{treml2016speeding,
	title={Speeding up semantic segmentation for autonomous driving},
	author={Treml, Michael and Arjona-Medina, Jos{\'e} and Unterthiner, Thomas and Durgesh, Rupesh and Friedmann, Felix and Schuberth, Peter and Mayr, Andreas and Heusel, Martin and Hofmarcher, Markus and Widrich, Michael and others},
	year={2016}
}

@inproceedings{wang2021temporal,
	title={Temporal memory attention for video semantic segmentation},
	author={Wang, Hao and Wang, Weining and Liu, Jing},
	booktitle={2021 IEEE International Conference on Image Processing (ICIP)},
	pages={2254--2258},
	year={2021},
	organization={IEEE}
}

@inproceedings{chollet2017xception,
	title={Xception: Deep learning with depthwise separable convolutions},
	author={Chollet, Fran{\c{c}}ois},
	booktitle={Proceedings of the IEEE conference on computer vision and pattern recognition},
	pages={1251--1258},
	year={2017}
}

@inproceedings{hua2018pointwise,
	title={Pointwise convolutional neural networks},
	author={Hua, Binh-Son and Tran, Minh-Khoi and Yeung, Sai-Kit},
	booktitle={Proceedings of the IEEE conference on computer vision and pattern recognition},
	pages={984--993},
	year={2018}
}

@inproceedings{nascimento2019dsconv,
	title={Dsconv: Efficient convolution operator},
	author={Nascimento, Marcelo Gennari do and Fawcett, Roger and Prisacariu, Victor Adrian},
	booktitle={Proceedings of the IEEE/CVF International Conference on Computer Vision},
	pages={5148--5157},
	year={2019}
}

@inproceedings{zhao2017pyramid,
	title={Pyramid scene parsing network},
	author={Zhao, Hengshuang and Shi, Jianping and Qi, Xiaojuan and Wang, Xiaogang and Jia, Jiaya},
	booktitle={Proceedings of the IEEE conference on computer vision and pattern recognition},
	pages={2881--2890},
	year={2017}
}

@article{o2015introduction,
	title={An introduction to convolutional neural networks},
	author={O'shea, Keiron and Nash, Ryan},
	journal={arXiv preprint arXiv:1511.08458},
	year={2015}
}

@article{sutskever2014sequence,
	title={Sequence to sequence learning with neural networks},
	author={Sutskever, Ilya and Vinyals, Oriol and Le, Quoc V},
	journal={Advances in neural information processing systems},
	volume={27},
	year={2014}
}

@article{mao2016image,
	title={Image restoration using very deep convolutional encoder-decoder networks with symmetric skip connections},
	author={Mao, Xiaojiao and Shen, Chunhua and Yang, Yu-Bin},
	journal={Advances in neural information processing systems},
	volume={29},
	year={2016}
}

@article{badrinarayanan2017segnet,
	title={Segnet: A deep convolutional encoder-decoder architecture for image segmentation},
	author={Badrinarayanan, Vijay and Kendall, Alex and Cipolla, Roberto},
	journal={IEEE transactions on pattern analysis and machine intelligence},
	volume={39},
	number={12},
	pages={2481--2495},
	year={2017},
	publisher={IEEE}
}